<record><leader>00000cas a22000007a 4500</leader><controlfield tag="001">18162279</controlfield><controlfield tag="008">880701d19601967iauwn ne      0    0eng d</controlfield><datafield ind1=" " ind2=" " tag="010"><subfield code="a">sn 88059751 </subfield></datafield><datafield ind1=" " ind2=" " tag="040"><subfield code="a">INP</subfield><subfield code="b">eng</subfield><subfield code="c">INP</subfield><subfield code="d">OCLCQ</subfield></datafield><datafield ind1=" " ind2=" " tag="042"><subfield code="a">msc</subfield></datafield><datafield ind1="0" ind2=" " tag="130"><subfield code="a">Oskaloosa tribune-press (Oskaloosa, Iowa : 1960)</subfield></datafield><datafield ind1="1" ind2="0" tag="245"><subfield code="a">Oskaloosa tribune-press.</subfield></datafield><datafield ind1=" " ind2=" " tag="260"><subfield code="a">Oskaloosa, Iowa :</subfield><subfield code="b">T. Slaymaker and C. Hogendorn,</subfield><subfield code="c">1960-1967.</subfield></datafield><datafield ind1=" " ind2=" " tag="300"><subfield code="a">11 v.</subfield></datafield><datafield ind1=" " ind2=" " tag="310"><subfield code="a">Weekly (except week of July 4),</subfield><subfield code="b">May 24, 1963-1967</subfield></datafield><datafield ind1=" " ind2=" " tag="321"><subfield code="a">Weekly (except on certain legal holidays),</subfield><subfield code="b">1960-May 17, 1963</subfield></datafield><datafield ind1="0" ind2=" " tag="362"><subfield code="a">Vol. 104, no. 41 (Oct. 28, 1960)-v. 114, no. 51 (Dec. 29, 1967).</subfield></datafield><datafield ind1=" " ind2=" " tag="500"><subfield code="a">Publisher varies.</subfield></datafield><datafield ind1=" " ind2=" " tag="752"><subfield code="a">United States</subfield><subfield code="b">Iowa</subfield><subfield code="c">Mahaska</subfield><subfield code="d">Oskaloosa.</subfield></datafield><datafield ind1="0" ind2="0" tag="780"><subfield code="t">Tribune-press (Oskaloosa, Iowa)</subfield><subfield code="w">(DLC)sn 88059234</subfield></datafield><datafield ind1="0" ind2="4" tag="785"><subfield code="t">Fremont gazette</subfield><subfield code="w">(DLC)sn 87058293</subfield></datafield></record>